% Edge computing: A survey
@article{khan2019edge,
  title={Edge computing: A survey},
  author={Khan, Wazir Zada and Ahmed, Ejaz and Hakak, Saqib and Yaqoob, Ibrar and Ahmed, Arif},
  journal={Future Generation Computer Systems},
  volume={97},
  pages={219--235},
  year={2019},
  publisher={Elsevier}
}

% original paper of fedAvg
@inproceedings{mcmahan2017communication,
  title        = {Communication-efficient learning of deep networks from decentralized data},
  author       = {McMahan, Brendan and Moore, Eider and Ramage, Daniel and Hampson, Seth and y Arcas, Blaise Aguera},
  booktitle    = {Artificial intelligence and statistics},
  pages        = {1273--1282},
  year         = {2017},
  organization = {PMLR}
}

@article{yin2021comprehensive,
  title     = {A Comprehensive Survey of Privacy-preserving Federated Learning: A Taxonomy, Review, and Future Directions},
  author    = {Yin, Xuefei and Zhu, Yanming and Hu, Jiankun},
  journal   = {ACM Computing Surveys (CSUR)},
  volume    = {54},
  number    = {6},
  pages     = {1--36},
  year      = {2021},
  publisher = {ACM New York, NY, USA}
}

% challenges and future direction of fl
@article{li2020federated,
  title={Federated learning: Challenges, methods, and future directions},
  author={Li, Tian and Sahu, Anit Kumar and Talwalkar, Ameet and Smith, Virginia},
  journal={IEEE Signal Processing Magazine},
  volume={37},
  number={3},
  pages={50--60},
  year={2020},
  publisher={IEEE}
}

% fl on non-iid data is suck :v
@article{zhao2018federated,
  title={Federated learning with non-iid data},
  author={Zhao, Yue and Li, Meng and Lai, Liangzhen and Suda, Naveen and Civin, Damon and Chandra, Vikas},
  journal={arXiv preprint arXiv:1806.00582},
  year={2018}
}

% cifar
@article{krizhevsky2009learning,
  title={Learning multiple layers of features from tiny images},
  author={Krizhevsky, Alex and Hinton, Geoffrey and others},
  year={2009},
  publisher={Citeseer}
}

% mnist
@article{deng2012mnist,
  title={The mnist database of handwritten digit images for machine learning research},
  author={Deng, Li},
  journal={IEEE Signal Processing Magazine},
  volume={29},
  number={6},
  pages={141--142},
  year={2012},
  publisher={IEEE}
} 

% meta-sgd
@article{li2017meta,
  title={Meta-sgd: Learning to learn quickly for few-shot learning},
  author={Li, Zhenguo and Zhou, Fengwei and Chen, Fei and Li, Hang},
  journal={arXiv preprint arXiv:1707.09835},
  year={2017}
}

% maml
@inproceedings{finn2017model,
  title={Model-agnostic meta-learning for fast adaptation of deep networks},
  author={Finn, Chelsea and Abbeel, Pieter and Levine, Sergey},
  booktitle={International Conference on Machine Learning},
  pages={1126--1135},
  year={2017},
  organization={PMLR}
}

% personalized layer with LG-FedAvg
@article{liang2020think,
  title={Think locally, act globally: Federated learning with local and global representations},
  author={Liang, Paul Pu and Liu, Terrance and Ziyin, Liu and Allen, Nicholas B and Auerbach, Randy P and Brent, David and Salakhutdinov, Ruslan and Morency, Louis-Philippe},
  journal={arXiv preprint arXiv:2001.01523},
  year={2020}
}

% personalized layer with FedPer
@article{arivazhagan2019federated,
  title={Federated learning with personalization layers},
  author={Arivazhagan, Manoj Ghuhan and Aggarwal, Vinay and Singh, Aaditya Kumar and Choudhary, Sunav},
  journal={arXiv preprint arXiv:1912.00818},
  year={2019}
}

% paper of huawei, optimize a fl system
@article{chen2018federated,
  title   = {Federated meta-learning with fast convergence and efficient communication},
  author  = {Chen, Fei and Luo, Mi and Dong, Zhenhua and Li, Zhenguo and He, Xiuqiang},
  journal = {arXiv preprint arXiv:1802.07876},
  year    = {2018}
}

% Meta-Learning survey
@article{hospedales2020meta,
  title={Meta-learning in neural networks: A survey},
  author={Hospedales, Timothy and Antoniou, Antreas and Micaelli, Paul and Storkey, Amos},
  journal={arXiv preprint arXiv:2004.05439},
  year={2020}
}

% learn like a human
@article{harlow1949formation,
  title={The formation of learning sets.},
  author={Harlow, Harry F},
  journal={Psychological review},
  volume={56},
  number={1},
  pages={51},
  year={1949},
  publisher={American Psychological Association}
}

% paper về PerFed đầu tiên
@article{fallah2020personalized,
  title={Personalized federated learning: A meta-learning approach},
  author={Fallah, Alireza and Mokhtari, Aryan and Ozdaglar, Asuman},
  journal={arXiv preprint arXiv:2002.07948},
  year={2020}
}

% improve FL using reptile
@article{jiang2019improving,
  title={Improving federated learning personalization via model agnostic meta learning},
  author={Jiang, Yihan and Kone{\v{c}}n{\`y}, Jakub and Rush, Keith and Kannan, Sreeram},
  journal={arXiv preprint arXiv:1909.12488},
  year={2019}
}

% leaf dataset
@article{caldas2018leaf,
  title={Leaf: A benchmark for federated settings},
  author={Caldas, Sebastian and Duddu, Sai Meher Karthik and Wu, Peter and Li, Tian and Kone{\v{c}}n{\`y}, Jakub and McMahan, H Brendan and Smith, Virginia and Talwalkar, Ameet},
  journal={arXiv preprint arXiv:1812.01097},
  year={2018}
}

% reptile
@article{nichol2018first,
  title={On first-order meta-learning algorithms},
  author={Nichol, Alex and Achiam, Joshua and Schulman, John},
  journal={arXiv preprint arXiv:1803.02999},
  year={2018}
}

% fl with non-iid data
@article{zhu2021federated,
  title={Federated Learning on Non-IID Data: A Survey},
  author={Zhu, Hangyu and Xu, Jinjin and Liu, Shiqing and Jin, Yaochu},
  journal={arXiv preprint arXiv:2106.06843},
  year={2021}
}

% Mobilenets v1
@article{howard2017mobilenets,
  title={Mobilenets: Efficient convolutional neural networks for mobile vision applications},
  author={Howard, Andrew G and Zhu, Menglong and Chen, Bo and Kalenichenko, Dmitry and Wang, Weijun and Weyand, Tobias and Andreetto, Marco and Adam, Hartwig},
  journal={arXiv preprint arXiv:1704.04861},
  year={2017}
}

% iMAML
@article{rajeswaran2019meta,
  title={Meta-learning with implicit gradients},
  author={Rajeswaran, Aravind and Finn, Chelsea and Kakade, Sham M and Levine, Sergey},
  journal={Advances in neural information processing systems},
  volume={32},
  year={2019}
}
